<?xml version="1.0" encoding="UTF-8"?><record xmlns="http://www.loc.gov/MARC21/slim" xmlns:cinclude="http://apache.org/cocoon/include/1.0" xmlns:zs="http://www.loc.gov/zing/srw/">
  <leader>00368nz  a2200121n  4500</leader>
  <controlfield tag="001">n  89616705 </controlfield>
  <controlfield tag="003">DLC</controlfield>
  <controlfield tag="005">19890321090739.4</controlfield>
  <controlfield tag="008">890321n| acannaab|          |n aad |||  </controlfield>
  <datafield tag="010" ind1=" " ind2=" ">
    <subfield code="a">n  89616705 </subfield>
  </datafield>
  <datafield tag="040" ind1=" " ind2=" ">
    <subfield code="a">DLC</subfield>
    <subfield code="c">DLC</subfield>
  </datafield>
  <datafield tag="100" ind1="1" ind2="0">
    <subfield code="a">Martin, Sandra</subfield>
  </datafield>
  <datafield tag="670" ind1=" " ind2=" ">
    <subfield code="a">nuc89-29670: Her The New Right's education agenda ... 1985</subfield>
    <subfield code="b">(hdg. on MiU rept.: Martin, Sandra; usage: Sandra Martin)</subfield>
  </datafield>
</record>